@ARTICLE{1997Natur.390..377Z,
   author = {{Zepf}, S.~E.},
    title = "{Formation of elliptical galaxies at moderate redshifts}",
  journal = {\nat},
 keywords = {Elliptical Galaxies, Galactic Evolution, Red Shift, Near Infrared Radiation, Astronomical Models, Star Formation},
     year = 1997,
    month = nov,
   volume = 390,
    pages = {377},
      doi = {10.1038/37065},
   adsurl = {http://adsabs.harvard.edu/abs/1997Natur.390..377Z},
  adsnote = {Provided by the SAO/NASA Astrophysics Data System}
}

@article{walker2009universal,
  title={A universal mass profile for dwarf spheroidal galaxies?},
  author={Walker, Matthew G and Mateo, Mario and Olszewski, Edward W and Penarrubia, Jorge and Evans, N Wyn and Gilmore, Gerard},
  journal={The Astrophysical Journal},
  volume={704},
  number={2},
  pages={1274},
  year={2009},
  publisher={IOP Publishing}
}

@article{zepf1997formation,
  title={Formation of elliptical galaxies at moderate redshifts},
  author={Zepf, Stephen E},
  journal={Nature},
  volume={390},
  number={6658},
  pages={377},
  year={1997},
  publisher={Nature Publishing Group}
}

@article{kormendy2009structure,
  title={Structure and formation of elliptical and spheroidal galaxies},
  author={Kormendy, John and Fisher, David B and Cornell, Mark E and Bender, Ralf},
  journal={The Astrophysical Journal Supplement Series},
  volume={182},
  number={1},
  pages={216},
  year={2009},
  publisher={IOP Publishing}
}

@article{querejeta2015formation,
  title={Formation of S0 galaxies through mergers-Explaining angular momentum and concentration change from spirals to S0s},
  author={Querejeta, Miguel and Eliche-Moral, M Carmen and Tapia, Trinidad and Borlaff, Alejandro and van de Ven, Glenn and Lyubenova, Mariya and Martig, Marie and Falc{\'o}n-Barroso, Jes{\'u}s and M{\'e}ndez-Abreu, Jairo},
  journal={Astronomy \& Astrophysics},
  volume={579},
  pages={L2},
  year={2015},
  publisher={EDP Sciences}
}

@article{van2012m31,
  title={The M31 velocity vector. II. Radial orbit toward the milky way and implied local group mass},
  author={Van Der Marel, Roeland P and Fardal, Mark and Besla, Gurtina and Beaton, Rachael L and Sohn, Sangmo Tony and Anderson, Jay and Brown, Tom and Guhathakurta, Puragra},
  journal={The Astrophysical Journal},
  volume={753},
  number={1},
  pages={8},
  year={2012},
  publisher={IOP Publishing}
}